<?xml version="1.0" encoding="UTF-8"?><record xmlns="http://www.loc.gov/MARC21/slim" xmlns:cinclude="http://apache.org/cocoon/include/1.0" xmlns:zs="http://www.loc.gov/zing/srw/">
  <leader>01206nz  a2200205n  4500</leader>
  <controlfield tag="001">no2013019938</controlfield>
  <controlfield tag="003">DLC</controlfield>
  <controlfield tag="005">20130223075321.0</controlfield>
  <controlfield tag="008">130221n| azannaabn          |n aaa     c</controlfield>
  <datafield tag="010" ind1=" " ind2=" ">
    <subfield code="a">no2013019938</subfield>
  </datafield>
  <datafield tag="035" ind1=" " ind2=" ">
    <subfield code="a">(OCoLC)oca09411192</subfield>
  </datafield>
  <datafield tag="040" ind1=" " ind2=" ">
    <subfield code="a">UPB</subfield>
    <subfield code="b">eng</subfield>
    <subfield code="e">rda</subfield>
    <subfield code="c">UPB</subfield>
  </datafield>
  <datafield tag="046" ind1=" " ind2=" ">
    <subfield code="f">1779</subfield>
    <subfield code="g">18460303</subfield>
  </datafield>
  <datafield tag="100" ind1="1" ind2=" ">
    <subfield code="a">Renville, Joseph R.</subfield>
  </datafield>
  <datafield tag="370" ind1=" " ind2=" ">
    <subfield code="a">Minn.</subfield>
    <subfield code="b">Minn.</subfield>
  </datafield>
  <datafield tag="374" ind1=" " ind2=" ">
    <subfield code="a">Lyricist</subfield>
    <subfield code="a">Fur trader</subfield>
  </datafield>
  <datafield tag="375" ind1=" " ind2=" ">
    <subfield code="a">male</subfield>
  </datafield>
  <datafield tag="377" ind1=" " ind2=" ">
    <subfield code="a">eng</subfield>
  </datafield>
  <datafield tag="670" ind1=" " ind2=" ">
    <subfield code="a">Many and great, O God, c2007:</subfield>
    <subfield code="b">caption (Joseph R. Renville)</subfield>
  </datafield>
  <datafield tag="670" ind1=" " ind2=" ">
    <subfield code="a">hymntime.com, via WWW, February 20, 2013</subfield>
    <subfield code="b">(Joseph R. Renville; born in Kaposia (just below Mount Trepeauleau, south of St. Paul), Minnesota in 1779; died March 3, 1846 at home in Lac Qui Parle, Minnesota; Renville's father was a French-Canadian trader, his mother a Dakota Native American; Renville was educated by a Roman Catholic priest, and worked as a guide and fur trader; he founded teh Fort Renville fur trading post at Lac Qui Parle in 1826, invited missionaries tot eh area aroudn 1835, and helped them translate the Bible into the Dakota language; he was the lyricist for the hymn "Wakantanka taku nitawa (Many and great, O God)")</subfield>
    <subfield code="u">http://hymntime.com/tch/bio/r/e/n/renville_jr.htm</subfield>
  </datafield>
</record>